%YAML 1.1
%TAG !u! tag:unity3d.com,2011:
--- !u!29 &1
OcclusionCullingSettings:
  m_ObjectHideFlags: 0
  serializedVersion: 2
  m_OcclusionBakeSettings:
    smallestOccluder: 5
    smallestHole: 0.25
    backfaceThreshold: 100
  m_SceneGUID: 00000000000000000000000000000000
  m_OcclusionCullingData: {fileID: 0}
--- !u!104 &2
RenderSettings:
  m_ObjectHideFlags: 0
  serializedVersion: 8
  m_Fog: 0
  m_FogColor: {r: 0.5, g: 0.5, b: 0.5, a: 1}
  m_FogMode: 3
  m_FogDensity: 0.01
  m_LinearFogStart: 0
  m_LinearFogEnd: 300
  m_AmbientSkyColor: {r: 0.212, g: 0.227, b: 0.259, a: 1}
  m_AmbientEquatorColor: {r: 0.114, g: 0.125, b: 0.133, a: 1}
  m_AmbientGroundColor: {r: 0.047, g: 0.043, b: 0.035, a: 1}
  m_AmbientIntensity: 1
  m_AmbientMode: 3
  m_SubtractiveShadowColor: {r: 0.42, g: 0.478, b: 0.627, a: 1}
  m_SkyboxMaterial: {fileID: 0}
  m_HaloStrength: 0.5
  m_FlareStrength: 1
  m_FlareFadeSpeed: 3
  m_HaloTexture: {fileID: 0}
  m_SpotCookie: {fileID: 10001, guid: 0000000000000000e000000000000000, type: 0}
  m_DefaultReflectionMode: 0
  m_DefaultReflectionResolution: 128
  m_ReflectionBounces: 1
  m_ReflectionIntensity: 1
  m_CustomReflection: {fileID: 0}
  m_Sun: {fileID: 0}
  m_IndirectSpecularColor: {r: 0, g: 0, b: 0, a: 1}
--- !u!157 &3
LightmapSettings:
  m_ObjectHideFlags: 0
  serializedVersion: 11
  m_GIWorkflowMode: 1
  m_GISettings:
    serializedVersion: 2
    m_BounceScale: 1
    m_IndirectOutputScale: 1
    m_AlbedoBoost: 1
    m_TemporalCoherenceThreshold: 1
    m_EnvironmentLightingMode: 0
    m_EnableBakedLightmaps: 0
    m_EnableRealtimeLightmaps: 0
  m_LightmapEditorSettings:
    serializedVersion: 9
    m_Resolution: 2
    m_BakeResolution: 40
    m_TextureWidth: 1024
    m_TextureHeight: 1024
    m_AO: 0
    m_AOMaxDistance: 1
    m_CompAOExponent: 1
    m_CompAOExponentDirect: 0
    m_Padding: 2
    m_LightmapParameters: {fileID: 0}
    m_LightmapsBakeMode: 1
    m_TextureCompression: 1
    m_FinalGather: 0
    m_FinalGatherFiltering: 1
    m_FinalGatherRayCount: 256
    m_ReflectionCompression: 2
    m_MixedBakeMode: 2
    m_BakeBackend: 0
    m_PVRSampling: 1
    m_PVRDirectSampleCount: 32
    m_PVRSampleCount: 500
    m_PVRBounces: 2
    m_PVRFiltering: 0
    m_PVRFilteringMode: 1
    m_PVRCulling: 1
    m_PVRFilteringGaussRadiusDirect: 1
    m_PVRFilteringGaussRadiusIndirect: 5
    m_PVRFilteringGaussRadiusAO: 2
    m_PVRFilteringAtrousColorSigma: 1
    m_PVRFilteringAtrousNormalSigma: 1
    m_PVRFilteringAtrousPositionSigma: 1
  m_LightingDataAsset: {fileID: 0}
  m_UseShadowmask: 1
--- !u!196 &4
NavMeshSettings:
  serializedVersion: 2
  m_ObjectHideFlags: 0
  m_BuildSettings:
    serializedVersion: 2
    agentTypeID: 0
    agentRadius: 0.5
    agentHeight: 2
    agentSlope: 45
    agentClimb: 0.4
    ledgeDropHeight: 0
    maxJumpAcrossDistance: 0
    minRegionArea: 2
    manualCellSize: 0
    cellSize: 0.16666667
    manualTileSize: 0
    tileSize: 256
    accuratePlacement: 0
  m_NavMeshData: {fileID: 0}
--- !u!1 &667962070
GameObject:
  m_ObjectHideFlags: 0
  m_PrefabParentObject: {fileID: 0}
  m_PrefabInternal: {fileID: 0}
  serializedVersion: 5
  m_Component:
  - component: {fileID: 667962073}
  - component: {fileID: 667962072}
  - component: {fileID: 667962071}
  m_Layer: 0
  m_Name: Rewired Input Manager
  m_TagString: Untagged
  m_Icon: {fileID: 0}
  m_NavMeshLayer: 0
  m_StaticEditorFlags: 0
  m_IsActive: 1
--- !u!114 &667962071
MonoBehaviour:
  m_ObjectHideFlags: 0
  m_PrefabParentObject: {fileID: 0}
  m_PrefabInternal: {fileID: 0}
  m_GameObject: {fileID: 667962070}
  m_Enabled: 1
  m_EditorHideFlags: 0
  m_Script: {fileID: 11500000, guid: 081823542d50f4b2d83665a44d9d5568, type: 3}
  m_Name: 
  m_EditorClassIdentifier: 
--- !u!114 &667962072
MonoBehaviour:
  m_ObjectHideFlags: 0
  m_PrefabParentObject: {fileID: 0}
  m_PrefabInternal: {fileID: 0}
  m_GameObject: {fileID: 667962070}
  m_Enabled: 1
  m_EditorHideFlags: 0
  m_Script: {fileID: 11500000, guid: 581b3e3c96df0ef42aef16b63b27b87f, type: 3}
  m_Name: 
  m_EditorClassIdentifier: 
  _dontDestroyOnLoad: 1
  _userData:
    configVars:
      updateLoop: 7
      alwaysUseUnityInput: 0
      windowsStandalonePrimaryInputSource: 0
      osx_primaryInputSource: 0
      linux_primaryInputSource: 0
      xboxOne_primaryInputSource: 0
      useXInput: 1
      useNativeMouse: 1
      useEnhancedDeviceSupport: 1
      windowsStandalone_useSteamRawInputControllerWorkaround: 1
      android_supportUnknownGamepads: 0
      useSteamControllerSupport: 1
      maxJoysticksPerPlayer: 1
      autoAssignJoysticks: 1
      assignJoysticksToPlayingPlayersOnly: 0
      distributeJoysticksEvenly: 1
      reassignJoystickToPreviousOwnerOnReconnect: 1
      defaultJoystickAxis2DDeadZoneType: 1
    players:
    - _id: 9999999
      _name: System
      _descriptiveName: System
      _startPlaying: 1
      _defaultJoystickMaps: []
      _defaultMouseMaps: []
      _defaultKeyboardMaps: []
      _defaultCustomControllerMaps: []
      _startingCustomControllers: []
      _assignMouseOnStart: 1
      _excludeFromControllerAutoAssignment: 0
    - _id: 1
      _name: Player0
      _descriptiveName: Player0
      _startPlaying: 1
      _defaultJoystickMaps:
      - _enabled: 1
        _categoryId: 0
        _layoutId: 0
      _defaultMouseMaps: []
      _defaultKeyboardMaps:
      - _enabled: 1
        _categoryId: 0
        _layoutId: 1
      _defaultCustomControllerMaps: []
      _startingCustomControllers: []
      _assignMouseOnStart: 0
      _excludeFromControllerAutoAssignment: 0
    - _id: 2
      _name: Player1
      _descriptiveName: Player0
      _startPlaying: 1
      _defaultJoystickMaps:
      - _enabled: 1
        _categoryId: 0
        _layoutId: 0
      _defaultMouseMaps: []
      _defaultKeyboardMaps:
      - _enabled: 1
        _categoryId: 0
        _layoutId: 2
      _defaultCustomControllerMaps: []
      _startingCustomControllers: []
      _assignMouseOnStart: 0
      _excludeFromControllerAutoAssignment: 0
    - _id: 3
      _name: Player2
      _descriptiveName: Player0
      _startPlaying: 1
      _defaultJoystickMaps:
      - _enabled: 1
        _categoryId: 0
        _layoutId: 0
      _defaultMouseMaps: []
      _defaultKeyboardMaps: []
      _defaultCustomControllerMaps: []
      _startingCustomControllers: []
      _assignMouseOnStart: 0
      _excludeFromControllerAutoAssignment: 0
    - _id: 4
      _name: Player3
      _descriptiveName: Player0
      _startPlaying: 1
      _defaultJoystickMaps:
      - _enabled: 1
        _categoryId: 0
        _layoutId: 0
      _defaultMouseMaps: []
      _defaultKeyboardMaps: []
      _defaultCustomControllerMaps: []
      _startingCustomControllers: []
      _assignMouseOnStart: 0
      _excludeFromControllerAutoAssignment: 0
    actions:
    - _id: 0
      _name: Move Horizontal
      _type: 0
      _descriptiveName: Move Horizontal
      _positiveDescriptiveName: Move Right
      _negativeDescriptiveName: Move Left
      _behaviorId: 0
      _userAssignable: 1
      _categoryId: 0
    - _id: 1
      _name: Move Vertical
      _type: 0
      _descriptiveName: Move Vertical
      _positiveDescriptiveName: Move Up
      _negativeDescriptiveName: Move Down
      _behaviorId: 0
      _userAssignable: 1
      _categoryId: 0
    - _id: 2
      _name: Action0
      _type: 1
      _descriptiveName: Action0
      _positiveDescriptiveName: 
      _negativeDescriptiveName: 
      _behaviorId: 0
      _userAssignable: 1
      _categoryId: 0
    - _id: 3
      _name: Action1
      _type: 1
      _descriptiveName: Action1
      _positiveDescriptiveName: 
      _negativeDescriptiveName: 
      _behaviorId: 0
      _userAssignable: 1
      _categoryId: 0
    - _id: 4
      _name: Action2
      _type: 1
      _descriptiveName: Action2
      _positiveDescriptiveName: 
      _negativeDescriptiveName: 
      _behaviorId: 0
      _userAssignable: 1
      _categoryId: 0
    - _id: 5
      _name: Action3
      _type: 1
      _descriptiveName: Action3
      _positiveDescriptiveName: 
      _negativeDescriptiveName: 
      _behaviorId: 0
      _userAssignable: 1
      _categoryId: 0
    - _id: 6
      _name: Accuse
      _type: 1
      _descriptiveName: Accuse
      _positiveDescriptiveName: 
      _negativeDescriptiveName: 
      _behaviorId: 0
      _userAssignable: 1
      _categoryId: 0
    - _id: 7
      _name: Menu
      _type: 1
      _descriptiveName: Menu
      _positiveDescriptiveName: 
      _negativeDescriptiveName: 
      _behaviorId: 0
      _userAssignable: 1
      _categoryId: 0
    actionCategories:
    - _name: Default
      _descriptiveName: Default
      _tag: 
      _id: 0
      _userAssignable: 1
    actionCategoryMap:
      list:
      - categoryId: 0
        actionIds: 0000000001000000020000000300000004000000050000000600000007000000
    inputBehaviors:
    - _id: 0
      _name: Default
      _joystickAxisSensitivity: 1
      _digitalAxisSnap: 1
      _digitalAxisInstantReverse: 0
      _digitalAxisGravity: 3
      _digitalAxisSensitivity: 3
      _mouseXYAxisMode: 0
      _mouseOtherAxisMode: 0
      _mouseXYAxisSensitivity: 1
      _mouseXYAxisDeltaCalc: 0
      _mouseOtherAxisSensitivity: 1
      _customControllerAxisSensitivity: 1
      _buttonDoublePressSpeed: 0.3
      _buttonDeadZone: 0.5
      _buttonDownBuffer: 0
    mapCategories:
    - _name: Default
      _descriptiveName: Default
      _tag: 
      _id: 0
      _userAssignable: 1
      _checkConflictsWithAllCategories: 1
      _checkConflictsCategoryIds: 
    joystickLayouts:
    - _name: Default
      _descriptiveName: Default
      _id: 0
    keyboardLayouts:
    - _name: Default
      _descriptiveName: Default
      _id: 0
    - _name: Player 0
      _descriptiveName: Player 0
      _id: 1
    - _name: Player 1
      _descriptiveName: Player 1
      _id: 2
    mouseLayouts:
    - _name: Default
      _descriptiveName: Default
      _id: 0
    customControllerLayouts:
    - _name: Default
      _descriptiveName: Default
      _id: 0
    joystickMaps:
    - id: 0
      categoryId: 0
      layoutId: 0
      name: 
      hardwareGuidString: 83b427e4-086f-47f3-bb06-be266abd1ca5
      customControllerUid: 0
      actionElementMaps:
      - _actionCategoryId: 0
        _actionId: 0
        _elementType: 0
        _elementIdentifierId: 0
        _axisRange: 0
        _invert: 0
        _axisContribution: 0
        _keyboardKeyCode: 0
        _modifierKey1: 0
        _modifierKey2: 0
        _modifierKey3: 0
      - _actionCategoryId: 0
        _actionId: 1
        _elementType: 0
        _elementIdentifierId: 1
        _axisRange: 0
        _invert: 0
        _axisContribution: 0
        _keyboardKeyCode: 0
        _modifierKey1: 0
        _modifierKey2: 0
        _modifierKey3: 0
      - _actionCategoryId: 0
        _actionId: 2
        _elementType: 1
        _elementIdentifierId: 4
        _axisRange: 0
        _invert: 0
        _axisContribution: 0
        _keyboardKeyCode: 0
        _modifierKey1: 0
        _modifierKey2: 0
        _modifierKey3: 0
      - _actionCategoryId: 0
        _actionId: 3
        _elementType: 1
        _elementIdentifierId: 5
        _axisRange: 0
        _invert: 0
        _axisContribution: 0
        _keyboardKeyCode: 0
        _modifierKey1: 0
        _modifierKey2: 0
        _modifierKey3: 0
      - _actionCategoryId: 0
        _actionId: 4
        _elementType: 1
        _elementIdentifierId: 7
        _axisRange: 0
        _invert: 0
        _axisContribution: 0
        _keyboardKeyCode: 0
        _modifierKey1: 0
        _modifierKey2: 0
        _modifierKey3: 0
      - _actionCategoryId: 0
        _actionId: 5
        _elementType: 1
        _elementIdentifierId: 8
        _axisRange: 0
        _invert: 0
        _axisContribution: 0
        _keyboardKeyCode: 0
        _modifierKey1: 0
        _modifierKey2: 0
        _modifierKey3: 0
      - _actionCategoryId: 0
        _actionId: 6
        _elementType: 1
        _elementIdentifierId: 14
        _axisRange: 0
        _invert: 0
        _axisContribution: 0
        _keyboardKeyCode: 0
        _modifierKey1: 0
        _modifierKey2: 0
        _modifierKey3: 0
      - _actionCategoryId: 0
        _actionId: 7
        _elementType: 1
        _elementIdentifierId: 15
        _axisRange: 0
        _invert: 0
        _axisContribution: 0
        _keyboardKeyCode: 0
        _modifierKey1: 0
        _modifierKey2: 0
        _modifierKey3: 0
    keyboardMaps:
    - id: 1
      categoryId: 0
      layoutId: 1
      name: 
      hardwareGuidString: 
      customControllerUid: 0
      actionElementMaps:
      - _actionCategoryId: 0
        _actionId: 1
        _elementType: 1
        _elementIdentifierId: -1
        _axisRange: 0
        _invert: 0
        _axisContribution: 0
        _keyboardKeyCode: 119
        _modifierKey1: 0
        _modifierKey2: 0
        _modifierKey3: 0
      - _actionCategoryId: 0
        _actionId: 0
        _elementType: 1
        _elementIdentifierId: -1
        _axisRange: 0
        _invert: 0
        _axisContribution: 1
        _keyboardKeyCode: 97
        _modifierKey1: 0
        _modifierKey2: 0
        _modifierKey3: 0
      - _actionCategoryId: 0
        _actionId: 1
        _elementType: 1
        _elementIdentifierId: -1
        _axisRange: 0
        _invert: 0
        _axisContribution: 1
        _keyboardKeyCode: 115
        _modifierKey1: 0
        _modifierKey2: 0
        _modifierKey3: 0
      - _actionCategoryId: 0
        _actionId: 0
        _elementType: 1
        _elementIdentifierId: -1
        _axisRange: 0
        _invert: 0
        _axisContribution: 0
        _keyboardKeyCode: 100
        _modifierKey1: 0
        _modifierKey2: 0
        _modifierKey3: 0
      - _actionCategoryId: 0
        _actionId: 2
        _elementType: 1
        _elementIdentifierId: -1
        _axisRange: 0
        _invert: 0
        _axisContribution: 0
        _keyboardKeyCode: 306
        _modifierKey1: 0
        _modifierKey2: 0
        _modifierKey3: 0
    - id: 2
      categoryId: 0
      layoutId: 2
      name: 
      hardwareGuidString: 
      customControllerUid: 0
      actionElementMaps:
      - _actionCategoryId: 0
        _actionId: 1
        _elementType: 1
        _elementIdentifierId: -1
        _axisRange: 0
        _invert: 0
        _axisContribution: 0
        _keyboardKeyCode: 105
        _modifierKey1: 0
        _modifierKey2: 0
        _modifierKey3: 0
      - _actionCategoryId: 0
        _actionId: 0
        _elementType: 1
        _elementIdentifierId: -1
        _axisRange: 0
        _invert: 0
        _axisContribution: 1
        _keyboardKeyCode: 106
        _modifierKey1: 0
        _modifierKey2: 0
        _modifierKey3: 0
      - _actionCategoryId: 0
        _actionId: 1
        _elementType: 1
        _elementIdentifierId: -1
        _axisRange: 0
        _invert: 0
        _axisContribution: 1
        _keyboardKeyCode: 107
        _modifierKey1: 0
        _modifierKey2: 0
        _modifierKey3: 0
      - _actionCategoryId: 0
        _actionId: 0
        _elementType: 1
        _elementIdentifierId: -1
        _axisRange: 0
        _invert: 0
        _axisContribution: 0
        _keyboardKeyCode: 108
        _modifierKey1: 0
        _modifierKey2: 0
        _modifierKey3: 0
      - _actionCategoryId: 0
        _actionId: 2
        _elementType: 1
        _elementIdentifierId: -1
        _axisRange: 0
        _invert: 0
        _axisContribution: 0
        _keyboardKeyCode: 305
        _modifierKey1: 0
        _modifierKey2: 0
        _modifierKey3: 0
    mouseMaps: []
    customControllerMaps: []
    customControllers: []
    playerIdCounter: 9
    actionIdCounter: 8
    actionCategoryIdCounter: 1
    inputBehaviorIdCounter: 1
    mapCategoryIdCounter: 1
    joystickLayoutIdCounter: 1
    keyboardLayoutIdCounter: 3
    mouseLayoutIdCounter: 1
    customControllerLayoutIdCounter: 1
    joystickMapIdCounter: 1
    keyboardMapIdCounter: 3
    mouseMapIdCounter: 0
    customControllerMapIdCounter: 0
    customControllerIdCounter: 0
  _controllerDataFiles: {fileID: 11400000, guid: d21d2b20df8369642b76aafbb2576ba7,
    type: 2}
--- !u!4 &667962073
Transform:
  m_ObjectHideFlags: 0
  m_PrefabParentObject: {fileID: 0}
  m_PrefabInternal: {fileID: 0}
  m_GameObject: {fileID: 667962070}
  m_LocalRotation: {x: 0, y: 0, z: 0, w: 1}
  m_LocalPosition: {x: 0, y: 0, z: 0}
  m_LocalScale: {x: 1, y: 1, z: 1}
  m_Children: []
  m_Father: {fileID: 0}
  m_RootOrder: 1
  m_LocalEulerAnglesHint: {x: 0, y: 0, z: 0}
--- !u!1 &703701244
GameObject:
  m_ObjectHideFlags: 0
  m_PrefabParentObject: {fileID: 0}
  m_PrefabInternal: {fileID: 0}
  serializedVersion: 5
  m_Component:
  - component: {fileID: 703701249}
  - component: {fileID: 703701248}
  - component: {fileID: 703701247}
  - component: {fileID: 703701246}
  - component: {fileID: 703701245}
  m_Layer: 0
  m_Name: Main Camera
  m_TagString: MainCamera
  m_Icon: {fileID: 0}
  m_NavMeshLayer: 0
  m_StaticEditorFlags: 0
  m_IsActive: 1
--- !u!81 &703701245
AudioListener:
  m_ObjectHideFlags: 0
  m_PrefabParentObject: {fileID: 0}
  m_PrefabInternal: {fileID: 0}
  m_GameObject: {fileID: 703701244}
  m_Enabled: 1
--- !u!124 &703701246
Behaviour:
  m_ObjectHideFlags: 0
  m_PrefabParentObject: {fileID: 0}
  m_PrefabInternal: {fileID: 0}
  m_GameObject: {fileID: 703701244}
  m_Enabled: 1
--- !u!92 &703701247
Behaviour:
  m_ObjectHideFlags: 0
  m_PrefabParentObject: {fileID: 0}
  m_PrefabInternal: {fileID: 0}
  m_GameObject: {fileID: 703701244}
  m_Enabled: 1
--- !u!20 &703701248
Camera:
  m_ObjectHideFlags: 0
  m_PrefabParentObject: {fileID: 0}
  m_PrefabInternal: {fileID: 0}
  m_GameObject: {fileID: 703701244}
  m_Enabled: 1
  serializedVersion: 2
  m_ClearFlags: 1
  m_BackGroundColor: {r: 0.19215687, g: 0.3019608, b: 0.4745098, a: 0}
  m_NormalizedViewPortRect:
    serializedVersion: 2
    x: 0
    y: 0
    width: 1
    height: 1
  near clip plane: 0.3
  far clip plane: 1000
  field of view: 60
  orthographic: 1
  orthographic size: 5
  m_Depth: -1
  m_CullingMask:
    serializedVersion: 2
    m_Bits: 4294967295
  m_RenderingPath: -1
  m_TargetTexture: {fileID: 0}
  m_TargetDisplay: 0
  m_TargetEye: 3
  m_HDR: 1
  m_AllowMSAA: 1
  m_ForceIntoRT: 0
  m_OcclusionCulling: 1
  m_StereoConvergence: 10
  m_StereoSeparation: 0.022
  m_StereoMirrorMode: 0
--- !u!4 &703701249
Transform:
  m_ObjectHideFlags: 0
  m_PrefabParentObject: {fileID: 0}
  m_PrefabInternal: {fileID: 0}
  m_GameObject: {fileID: 703701244}
  m_LocalRotation: {x: 0, y: 0, z: 0, w: 1}
  m_LocalPosition: {x: 0, y: 0, z: -10}
  m_LocalScale: {x: 1, y: 1, z: 1}
  m_Children: []
  m_Father: {fileID: 0}
  m_RootOrder: 0
  m_LocalEulerAnglesHint: {x: 0, y: 0, z: 0}
